@Misc{ContentWise,
  author =    {Moviri},
  title =     {ContentWise},
  howpublished = {http://www.moviri.com/}}

@Misc{web2py,
  author =    {Massimo Di Pierro},
  title =     {Web2py},
  howpublished = {http://www.web2py.com/}}

@Misc{pymatlab,
  author =    {Joakim Moller},
  title =     {pymatlab},
  howpublished = {http://pypi.python.org/pypi/pymatlab}}

@Misc{gplv3,
  author =    {Free Software Foundation},
  howpublished = {http://www.gnu.org/licenses/gpl.html}}

@Misc{imdb,
  author =    {imdb.com},
  title =     {Internet Movie Database},
  howpublished = {http://imdb.com/}}

