@Misc{ContentWise,
  author =    {Moviri},
  title =     {ContentWise},
  howpublished = {http://www.moviri.com/}}

@MastersThesis{spiegazione_confidenza_raccomandazione,
  author =       {Chiodi L., Cremonesi P., Turrin R.},
  title =        {Spiegazioni e confidenza nei sistemi di raccomandazione},
  school =       {Politecnico di Milano},
  year =         2010}

@Misc{web2py,
  author =    {Massimo Di Pierro},
  title =     {Web2py},
  howpublished = {http://www.web2py.com/}}

@Misc{pymatlab,
  author =    {Joakim Moller},
  title =     {pymatlab},
  howpublished = {http://pypi.python.org/pypi/pymatlab}}

@Misc{gplv3,
  author =    {Free Software Foundation},
  howpublished = {http://www.gnu.org/licenses/gpl.html}}

@Misc{imdb,
  author =    {imdb.com},
  title =     {Internet Movie Database},
  howpublished = {http://imdb.com/}}

@Misc{netflixprize,
  author =    {Wikipedia},
  title =     {Netflix Prize},
  howpublished = {http://en.wikipedia.org/wiki/Netflix\_Prize}}

@Article{usercentric_evaluation_framework,
  author =       {Chen, Li and Pearl Pu},
  title =        {A User-Centric evaluation Framework of recommender systems},
  journal =      {workshop of RecSys'10},
  year =         2010}

@Misc{recsys,
  title =     {RecSys},
  howpublished = {http://recsys.acm.org/}}

@Misc{page-abandonment,
  author =    {Jakob Nielsen's Alertbox},
  title =     {How long do users stay on a webpage},
  howpublished = {http://www.useit.com/alertbox/page-abandonment-time.html}}

@PhdThesis{thesis-andreia,
  author =       {Andr√©ia Coronado Cha},
  title =        {Implementation of a subjective evaluatio application for recommender systems},
  school =       {Politecnico di Milano},
  year =         2011}
